@inproceedings{MediaEval1,
author = {Bogdanov, Dmitry and Porter, Alastair and Urbano, Juli√°n and Schreiber, Hendrik},
year = {2017},
month = {01},
pages = {},
title = {The MediaEval 2017 AcousticBrainz genre task: content-based music genre recognition from multiple sources}
}